@article{russell2013humans,
  title={Humans and nature: how knowing and experiencing nature affect well-being},
  author={Russell, Roly and Guerry, Anne D and Balvanera, Patricia and Gould, Rachelle K and Basurto, Xavier and Chan, Kai MA and Klain, Sarah and Levine, Jordan and Tam, Jordan},
  journal={Annual review of environment and resources},
  volume={38},
  pages={473--502},
  year={2013},
  publisher={Annual Reviews}
}
